@String{prb="Phys. Rev. B"}
@String{prl="Phys. Rev. Lett."}

@article{gunnarsson:2015,
  title = {Fluctuation Diagnostics of the Electron Self-Energy: Origin of the Pseudogap Physics},
  author = {Gunnarsson, O. and Sch\"afer, T. and LeBlanc, J. P. F. and Gull, E. and Merino, J. and Sangiovanni, G. and Rohringer, G. and Toschi, A.},
  journal = {Phys. Rev. Lett.},
  volume = {114},
  issue = {23},
  pages = {236402},
  numpages = {6},
  year = {2015},
  month = {Jun},
  publisher = {American Physical Society},
  doi = {10.1103/PhysRevLett.114.236402},
  url = {https://link.aps.org/doi/10.1103/PhysRevLett.114.236402}
}

@book{baker1996pade,
  title={Pad{\'e} approximants},
  author={Baker, George A and Baker Jr, George A and BAKER JR, GEORGE A and Graves-Morris, Peter and Baker, Susan S},
  volume={59},
  year={1996},
  publisher={Cambridge University Press}
}

@article{baker1961application,
  title={Application of the Pad{\'e} approximant method to the investigation of some magnetic properties of the Ising model},
  author={Baker Jr, George A},
  journal={Physical Review},
  volume={124},
  number={3},
  pages={768},
  year={1961},
  publisher={APS}
}

@article{gunnarsson:2018,
  title = {Complementary views on electron spectra: From fluctuation diagnostics to real-space correlations},
  author = {Gunnarsson, O. and Merino, J. and Sch\"afer, T. and Sangiovanni, G. and Rohringer, G. and Toschi, A.},
  journal = {Phys. Rev. B},
  volume = {97},
  issue = {12},
  pages = {125134},
  numpages = {18},
  year = {2018},
  month = {Mar},
  publisher = {American Physical Society},
  doi = {10.1103/PhysRevB.97.125134},
  url = {https://link.aps.org/doi/10.1103/PhysRevB.97.125134}
}

@article{wu:2017,
  title = {Controlling Feynman diagrammatic expansions: Physical nature of the pseudogap in the two-dimensional Hubbard model},
  author = {Wu, Wei and Ferrero, Michel and Georges, Antoine and Kozik, Evgeny},
  journal = {Phys. Rev. B},
  volume = {96},
  issue = {4},
  pages = {041105},
  numpages = {5},
  year = {2017},
  month = {Jul},
  publisher = {American Physical Society},
  doi = {10.1103/PhysRevB.96.041105},
  url = {https://link.aps.org/doi/10.1103/PhysRevB.96.041105}
}



@article{jarrell:2001,
  title = {Quantum Monte Carlo algorithm for nonlocal corrections to the dynamical mean-field approximation},
  author = {Jarrell, M. and Maier, Th. and Huscroft, C. and Moukouri, S.},
  journal = {Phys. Rev. B},
  volume = {64},
  issue = {19},
  pages = {195130},
  numpages = {23},
  year = {2001},
  month = {Oct},
  publisher = {American Physical Society},
  doi = {10.1103/PhysRevB.64.195130},
  url = {https://link.aps.org/doi/10.1103/PhysRevB.64.195130}
}


@article{vanloon:2018,
  title = {Precursors of the insulating state in the square-lattice Hubbard model},
  author = {van Loon, Erik G. C. P. and Hafermann, Hartmut and Katsnelson, Mikhail I.},
  journal = {Phys. Rev. B},
  volume = {97},
  issue = {8},
  pages = {085125},
  numpages = {7},
  year = {2018},
  month = {Feb},
  publisher = {American Physical Society},
  doi = {10.1103/PhysRevB.97.085125},
  url = {https://link.aps.org/doi/10.1103/PhysRevB.97.085125}
}


@article{schafer:2015,
  title = {Fate of the false Mott-Hubbard transition in two dimensions},
  author = {Sch\"afer, T. and Geles, F. and Rost, D. and Rohringer, G. and Arrigoni, E. and Held, K. and Bl\"umer, N. and Aichhorn, M. and Toschi, A.},
  journal = {Phys. Rev. B},
  volume = {91},
  issue = {12},
  pages = {125109},
  numpages = {7},
  year = {2015},
  month = {Mar},
  publisher = {American Physical Society},
  doi = {10.1103/PhysRevB.91.125109},
  url = {https://link.aps.org/doi/10.1103/PhysRevB.91.125109}
}


@article{georges:1996,
  title = {Dynamical mean-field theory of strongly correlated fermion systems and the limit of infinite dimensions},
  author = {Georges, Antoine and Kotliar, Gabriel and Krauth, Werner and Rozenberg, Marcelo J.},
  journal = {Rev. Mod. Phys.},
  volume = {68},
  issue = {1},
  pages = {13--125},
  numpages = {0},
  year = {1996},
  month = {Jan},
  publisher = {American Physical Society},
  doi = {10.1103/RevModPhys.68.13},
  url = {https://link.aps.org/doi/10.1103/RevModPhys.68.13}
}


@article{Schaefer:2016,
title = "Dynamical vertex approximation for the two-dimensional Hubbard model ",
journal = "Journal of Magnetism and Magnetic Materials ",
volume = "400",
number = "",
pages = "107 - 111",
year = "2016",
note = "Proceedings of the 20th International Conference on Magnetism (Barcelona) 5-10 July 2015 ",
issn = "0304-8853",
doi = "http://dx.doi.org/10.1016/j.jmmm.2015.07.103",
url = "http://www.sciencedirect.com/science/article/pii/S030488531530411X",
author = {Thomas Sch\"afer and Alessandro Toschi and Karsten Held},
keywords = "Strongly correlated electron systems",
keywords = "Mottâ€“Hubbard transition "
}

@article{schaefer:2015,
  title = {Fate of the false Mott-Hubbard transition in two dimensions},
  author = {Sch\"afer, T. and Geles, F. and Rost, D. and Rohringer, G. and Arrigoni, E. and Held, K. and Bl\"umer, N. and Aichhorn, M. and Toschi, A.},
  journal = {Phys. Rev. B},
  volume = {91},
  issue = {12},
  pages = {125109},
  numpages = {7},
  year = {2015},
  month = {Mar},
  publisher = {American Physical Society},
  doi = {10.1103/PhysRevB.91.125109},
  url = {http://link.aps.org/doi/10.1103/PhysRevB.91.125109}
}


@article{delannoy:2009,
  title = {Low-energy theory of the $t\ensuremath{-}{t}^{\ensuremath{'}}\ensuremath{-}{t}^{\ensuremath{''}}\ensuremath{-}U$ Hubbard model at half-filling: Interaction strengths in cuprate superconductors and an effective spin-only description of ${\text{La}}_{2}{\text{CuO}}_{4}$},
  author = {Delannoy, J.-Y. P. and Gingras, M. J. P. and Holdsworth, P. C. W. and Tremblay, A.-M. S.},
  journal = {Phys. Rev. B},
  volume = {79},
  issue = {23},
  pages = {235130},
  numpages = {22},
  year = {2009},
  month = {Jun},
  publisher = {American Physical Society},
  doi = {10.1103/PhysRevB.79.235130},
  url = {http://link.aps.org/doi/10.1103/PhysRevB.79.235130}
}


@article{shekhter:2013,
author={Arkady Shekhter and B. J. Ramshaw and Ruixing Liang and W. N. Hardy and D. A. Bonn and Fedor F. Balakirev and Ross D. McDonald and Jon B. Betts and  Scott C. Riggs and Albert Migliori},
journal="Nature",
volume=498,
pages={75},
year=2013,
}

@article{badoux:2016,
  title = {Critical Doping for the Onset of Fermi-Surface Reconstruction by Charge-Density-Wave Order in the Cuprate Superconductor ${\mathrm{La}}_{2-x}{\mathrm{Sr}}_{x}{\mathrm{CuO}}_{4}$},
  author = {Badoux, S. and Afshar, S. A. A. and Michon, B. and Ouellet, A. and Fortier, S. and LeBoeuf, D. and Croft, T. P. and Lester, C. and Hayden, S. M. and Takagi, H. and Yamada, K. and Graf, D. and Doiron-Leyraud, N. and Taillefer, Louis},
  journal = {Phys. Rev. X},
  volume = {6},
  issue = {2},
  pages = {021004},
  numpages = {6},
  year = {2016},
  month = {Apr},
  publisher = {American Physical Society},
  doi = {10.1103/PhysRevX.6.021004},
  url = {http://link.aps.org/doi/10.1103/PhysRevX.6.021004}
}

@article{park:2008,
  title = {Cluster Dynamical Mean Field Theory of the Mott Transition},
  author = {Park, H. and Haule, K. and Kotliar, G.},
  journal = {Phys. Rev. Lett.},
  volume = {101},
  issue = {18},
  pages = {186403},
  numpages = {4},
  year = {2008},
  month = {Oct},
  publisher = {American Physical Society},
  doi = {10.1103/PhysRevLett.101.186403},
  url = {http://link.aps.org/doi/10.1103/PhysRevLett.101.186403}
}


@article{grissonnanche:2015,
author={G. Grissonnanche and  F. Laliberte and  S. Dufour-Beausejour and  A. Riopel and  S. Badoux and  M. Caouette-Mansour and  M. Matusiak and  A. Juneau-Fecteau and  P. Bourgeois-Hope and  O. Cyr-Choiniere and  J. C. Baglo and  B. J. Ramshaw and  R. Liang and  D. A. Bonn and  W. N. Hardy and  S. Kramer and  D. LeBoeuf and  D. Graf and  N. Doiron-Leyraud and  Louis Taillefer},
journal={arXiv},
pages={1508.05486},
year=2015,
}


@article{lebeouf:2013,
author={David LeBoeuf and S. Kr{\"a}mer and W. N. Hardy and Ruixing Liang and D. A. Bonn and Cyril Proust},
journal="Nature Physics",
volume=9,
pages={79},
year=2013,
}

@article{yamada:2012,
author = { Masaki Fujita and  Haruhiro Hiraka and  Masaaki Matsuda and  Masato Matsuura and  John M. Tranquada and  Shuichi Wakimoto and  Guangyong Xu and  Kazuyoshi Yamada},
title = {Progress in Neutron Scattering Studies of Spin Excitations in High-Tc Cuprates},
journal = {Journal of the Physical Society of Japan},
volume = {81},
number = {1},
pages = {011007},
year = {2012},
doi = {10.1143/JPSJ.81.011007},
URL = {         http://dx.doi.org/10.1143/JPSJ.81.011007},
eprint = {         http://dx.doi.org/10.1143/JPSJ.81.011007}
}

@article{maxent,
author={Ryan Levy and J. P. F. LeBlanc and Emanuel Gull},
journal={arXiv},
pages={1606.00368v1},
year=2016,
}

@article{vignolle:2007,
author={B. Vignolle and S. M. Hayden and D. F. McMorrow and H. M. R{\/O}nnow and B. Lake and C. D. Frost and T. G. Perring},
journal="Nature Physics",
volume=3,
pages={163},
year=2007,
}



@article{lipscombe:2007,
  title = {Persistence of High-Frequency Spin Fluctuations in Overdoped Superconducting ${\mathrm{La}}_{2-x}{\mathrm{Sr}}_{x}{\mathrm{CuO}}_{4}$ ($x=0.22$)},
  author = {Lipscombe, O. J. and Hayden, S. M. and Vignolle, B. and McMorrow, D. F. and Perring, T. G.},
  journal = {Phys. Rev. Lett.},
  volume = {99},
  issue = {6},
  pages = {067002},
  numpages = {4},
  year = {2007},
  month = {Aug},
  publisher = {American Physical Society},
  doi = {10.1103/PhysRevLett.99.067002},
  url = {http://link.aps.org/doi/10.1103/PhysRevLett.99.067002}
}


@article{lipscombe:2009,
  title = {Emergence of Coherent Magnetic Excitations in the High Temperature Underdoped ${\mathrm{La}}_{2-x}{\mathrm{Sr}}_{x}{\mathrm{CuO}}_{4}$ Superconductor at Low Temperatures},
  author = {Lipscombe, O. J. and Vignolle, B. and Perring, T. G. and Frost, C. D. and Hayden, S. M.},
  journal = {Phys. Rev. Lett.},
  volume = {102},
  issue = {16},
  pages = {167002},
  numpages = {4},
  year = {2009},
  month = {Apr},
  publisher = {American Physical Society},
  doi = {10.1103/PhysRevLett.102.167002},
  url = {http://link.aps.org/doi/10.1103/PhysRevLett.102.167002}
}


@article{letacon:rixs,
author={M. {Le Tacon} and G. Ghiringhelli and J. Chaloupka and M. {Moretti Sala} and V. Hinkov and M. W. Haverkort and M. Minola and M. Bakr and K. J. Zhou and S. Blanco-Canosa and C. Monney and Y. T. Song and G. L. Sun and C. T. Lin and G. M. {De Luca} and M. Salluzzo and G. Khaliullin and T. Schmitt and L. Braicovich and B. Keimer   },
journal="Nature Physics",
volume=7,
pages={725},
year=2011,
}

@article{braicovich:2010,
  title = {Momentum and polarization dependence of single-magnon spectral weight for $\text{Cu}\text{ }{L}_{3}$-edge resonant inelastic x-ray scattering from layered cuprates},
  author = {Braicovich, L. and Moretti Sala, M. and Ament, L. J. P. and Bisogni, V. and Minola, M. and Balestrino, G. and Di Castro, D. and De Luca, G. M. and Salluzzo, M. and Ghiringhelli, G. and van den Brink, J.},
  journal = {Phys. Rev. B},
  volume = {81},
  issue = {17},
  pages = {174533},
  numpages = {5},
  year = {2010},
  month = {May},
  publisher = {American Physical Society},
  doi = {10.1103/PhysRevB.81.174533},
  url = {http://link.aps.org/doi/10.1103/PhysRevB.81.174533}
}


@article{guarise:2010,
  title = {Measurement of Magnetic Excitations in the Two-Dimensional Antiferromagnetic ${\mathrm{Sr}}_{2}{\mathrm{CuO}}_{2}{\mathrm{Cl}}_{2}$ Insulator Using Resonant X-Ray Scattering: Evidence for Extended Interactions},
  author = {Guarise, M. and Dalla Piazza, B. and Moretti Sala, M. and Ghiringhelli, G. and Braicovich, L. and Berger, H. and Hancock, J. N. and van der Marel, D. and Schmitt, T. and Strocov, V. N. and Ament, L. J. P. and van den Brink, J. and Lin, P.-H. and Xu, P. and R\o{}nnow, H. M. and Grioni, M.},
  journal = {Phys. Rev. Lett.},
  volume = {105},
  issue = {15},
  pages = {157006},
  numpages = {4},
  year = {2010},
  month = {Oct},
  publisher = {American Physical Society},
  doi = {10.1103/PhysRevLett.105.157006},
  url = {http://link.aps.org/doi/10.1103/PhysRevLett.105.157006}
}



@article{foyevtsova:2014,
  title = {\textit{Ab initio}   Quantum Monte Carlo Calculations of Spin Superexchange in Cuprates: The Benchmarking Case of ${\mathrm{Ca}}_{2}{\mathrm{CuO}}_{3}$},
  author = {Foyevtsova, Kateryna and Krogel, Jaron T. and Kim, Jeongnim and Kent, P. R. C. and Dagotto, Elbio and Reboredo, Fernando A.},
  journal = {Phys. Rev. X},
  volume = {4},
  issue = {3},
  pages = {031003},
  numpages = {7},
  year = {2014},
  month = {Jul},
  publisher = {American Physical Society},
  doi = {10.1103/PhysRevX.4.031003},
  url = {http://link.aps.org/doi/10.1103/PhysRevX.4.031003}
}


@article{lee:2014,
author={W. S. Lee and J. J. Lee and E. A. Nowadnick and S. Gerber and W. Tabis and S. W. Huang and V. N. Strocov and E. M. Motoyama and G. Yu and B. Moritz and H. Y Huang and R. P. Wang and Y. B. Huang and W. B. Wu and C. T. Chen and D. J. Huang and M. Greven and T. Schmitt and Z. X. Shen and T. P. Devereaux},
journal="Nature Phys.",
volume=10,
pages={883},
year=2014,
}

@article{bourges:1997,
  title = {Superexchange Coupling and Spin Susceptibility Spectral Weight in Undoped Monolayer Cuprates},
  author = {Bourges, P. and Casalta, H. and Ivanov, A. S. and Petitgrand, D.},
  journal = {Phys. Rev. Lett.},
  volume = {79},
  issue = {24},
  pages = {4906--4909},
  numpages = {0},
  year = {1997},
  month = {Dec},
  publisher = {American Physical Society},
  doi = {10.1103/PhysRevLett.79.4906},
  url = {http://link.aps.org/doi/10.1103/PhysRevLett.79.4906}
}


@article{opendf,
title = "Opendf - An Implementation of the Dual Fermion Method for Strongly Correlated Systems ",
journal = "Physics Procedia ",
volume = "68",
number = "",
pages = "43 - 51",
year = "2015",
note = "Proceedings of the 28th Workshop on Computer Simulation Studies in Condensed Matter Physics (CSP2015) ",
issn = "1875-3892",
doi = "http://dx.doi.org/10.1016/j.phpro.2015.07.107",
url = "http://www.sciencedirect.com/science/article/pii/S1875389215007178",
author = "Andrey E. Antipov and James P. F. LeBlanc and Emanuel Gull",
keywords = "Dual Fermions",
keywords = "Dynamical Mean Field Theory "
}

@article{singh:1989,
  title = {Thermodynamic parameters of the     \textit{T=0}  , spin-1/2 square-lattice Heisenberg antiferromagnet},
  author = {Singh, Rajiv R. P.},
  journal = {Phys. Rev. B},
  volume = {39},
  issue = {13},
  pages = {9760--9763},
  numpages = {0},
  year = {1989},
  month = {May},
  publisher = {American Physical Society},
  doi = {10.1103/PhysRevB.39.9760},
  url = {http://link.aps.org/doi/10.1103/PhysRevB.39.9760}
}


@article{coldea:2001,
  title = {Spin Waves and Electronic Interactions in ${\mathrm{La}}_{2}{\mathrm{CuO}}_{4}$},
  author = {Coldea, R. and Hayden, S. M. and Aeppli, G. and Perring, T. G. and Frost, C. D. and Mason, T. E. and Cheong, S.-W. and Fisk, Z.},
  journal = {Phys. Rev. Lett.},
  volume = {86},
  issue = {23},
  pages = {5377--5380},
  numpages = {0},
  year = {2001},
  month = {Jun},
  publisher = {American Physical Society},
  doi = {10.1103/PhysRevLett.86.5377},
  url = {http://link.aps.org/doi/10.1103/PhysRevLett.86.5377}
}


@article{chen:1993,
author={Liang Chen and A. M. Tremblay},
journal="J. Phys. Chem. Solids",
volume=54,
pages={1381},
year=1993,
}

@article{allen:1976,
author={P.B. Allen},
journal=prb,
volume=13,
pages={1416},
year=1976,
}

@article{sigrist:1991,
author={Manfred Sigrist and Kazuo Ueda},
journal="Rev. Mod. Phys.",
volume=63,
pages={239},
year=1991,
}

@article{baranov:1992,
author={M. A. Baranov and M. Yu. Kagan},
journal="Z. Phys. B",
volume=86,
pages={237},
year=1992,
}

@article{arita:2006,
  title = {Crossover from $d$-wave to $p$-wave pairing in the $t\ensuremath{-}{t}^{\ensuremath{'}}$ Hubbard model at zero temperature},
  author = {Arita, R. and Held, K.},
  journal = {Phys. Rev. B},
  volume = {73},
  issue = {6},
  pages = {064515},
  numpages = {5},
  year = {2006},
  month = {Feb},
  publisher = {American Physical Society},
  doi = {10.1103/PhysRevB.73.064515},
  url = {http://link.aps.org/doi/10.1103/PhysRevB.73.064515}
}


@article{fukazawa:2001,
author={Hirono Fukazawa and Kosaku Yamada},
journal="J. Phys. Soc. Japan",
volume=71,
pages={1541},
year=2001},
}

@article{benchmarks,
  title = {Solutions of the Two-Dimensional Hubbard Model: Benchmarks and Results from a Wide Range of Numerical Algorithms},
  author = {LeBlanc, J. P. F. and Antipov, Andrey E. and Becca, Federico and Bulik, Ireneusz W. and Chan, Garnet Kin-Lic and Chung, Chia-Min and Deng, Youjin and Ferrero, Michel and Henderson, Thomas M. and Jim\'enez-Hoyos, Carlos A. and Kozik, E. and Liu, Xuan-Wen and Millis, Andrew J. and Prokof'ev, N. V. and Qin, Mingpu and Scuseria, Gustavo E. and Shi, Hao and Svistunov, B. V. and Tocchio, Luca F. and Tupitsyn, I. S. and White, Steven R. and Zhang, Shiwei and Zheng, Bo-Xiao and Zhu, Zhenyue and Gull, Emanuel},
  collaboration = {Simons Collaboration on the Many-Electron Problem},
  journal = {Phys. Rev. X},
  volume = {5},
  issue = {4},
  pages = {041041},
  numpages = {28},
  year = {2015},
  month = {Dec},
  publisher = {American Physical Society},
  doi = {10.1103/PhysRevX.5.041041},
  }

@article{benchmark:2015,
author={J. P. F. LeBlanc and Andrey E. Antipov and Federico Becca and Ireneusz W. Bulik and Garnet Kin-Lic Chan and Chia-Min Chung and Youjin Deng and Michel Ferrero and Thomas M. Henderson and Carlos A. JimÃ©nez-Hoyos and E. Kozik and Xuan-Wen Liu and Andrew J. Millis and N. V. Prokof'ev and Mingpu Qin and Gustavo E. Scuseria and Hao Shi and B. V. Svistunov and Luca F. Tocchio and I. S. Tupitsyn and Steven R. White and Shiwei Zhang and Bo-Xiao Zheng and Zhenyue Zhu and Emanuel Gull},
archivePrefix = "arXiv",
eprint        = "1505.02290",
primaryClass  = "cond-mat",
year=2015,
}

@Article{wu:2011,
author="Wu, Tao
and Mayaffre, Hadrien
and Kramer, Steffen
and Horvatic, Mladen
and Berthier, Claude
and Hardy, W. N.
and Liang, Ruixing
and Bonn, D. A.
and Julien, Marc-Henri",
title="Magnetic-field-induced charge-stripe order in the high-temperature superconductor YBa2Cu3Oy",
journal="Nature",
year="2011",
month="Sep",
day="08",
publisher="Nature Publishing Group, a division of Macmillan Publishers Limited. All Rights Reserved.",
volume="477",
number="7363",
pages="191--194",
issn="0028-0836",
doi="10.1038/nature10345",
url="http://dx.doi.org/10.1038/nature10345"
}


@article{achkar:2014,
authors={A. J. Achkar and F. He and R. Sutarto and Christopher McMahon and M. Zwiebler and M. H\"ucker and G. D. Gu and Ruixing Liang and D. A. Bonn and W. N. Hardy and J. Geck and D. G. Hawthorn},
journal="arxiv",
pages={1409.6787},
year=2014,
}


@Article{leboeuf:2013,
author="LeBoeuf, David
and Kramer, S.
and Hardy, W. N.
and Liang, Ruixing
and Bonn, D. A.
and Proust, Cyril",
title="Thermodynamic phase diagram of static charge order in underdoped YBa2Cu3Oy",
journal="Nat Phys",
year="2013",
month="Feb",
publisher="Nature Publishing Group",
volume="9",
number="2",
pages="79--83",
issn="1745-2473",
doi="10.1038/nphys2502",
url="http://dx.doi.org/10.1038/nphys2502"
}






@article{leblanc:2013,
  title = {Equation of state of the fermionic two-dimensional Hubbard model},
  author = {LeBlanc, J. P. F. and Gull, Emanuel},
  journal = {Phys. Rev. B},
  volume = {88},
  issue = {15},
  pages = {155108},
  numpages = {7},
  year = {2013},
  month = {Oct},
  publisher = {American Physical Society},
  doi = {10.1103/PhysRevB.88.155108},
  url = {http://link.aps.org/doi/10.1103/PhysRevB.88.155108}
}


@article{fuchs:2011,
  title = {Thermodynamics of the 3D Hubbard Model on Approaching the N\'eel Transition},
  author = {Fuchs, Sebastian and Gull, Emanuel and Pollet, Lode and Burovski, Evgeni and Kozik, Evgeny and Pruschke, Thomas and Troyer, Matthias},
  journal = {Phys. Rev. Lett.},
  volume = {106},
  issue = {3},
  pages = {030401},
  numpages = {4},
  year = {2011},
  month = {Jan},
  publisher = {American Physical Society},
  doi = {10.1103/PhysRevLett.106.030401},
  url = {http://link.aps.org/doi/10.1103/PhysRevLett.106.030401}
}


@article{hettler:2000,
  title = {Dynamical cluster approximation: Nonlocal dynamics of correlated electron systems},
  author = {Hettler, M. H. and Mukherjee, M. and Jarrell, M. and Krishnamurthy, H. R.},
  journal = {Phys. Rev. B},
  volume = {61},
  issue = {19},
  pages = {12739--12756},
  numpages = {0},
  year = {2000},
  month = {May},
  publisher = {American Physical Society},
  doi = {10.1103/PhysRevB.61.12739},
  url = {http://link.aps.org/doi/10.1103/PhysRevB.61.12739}
}


@article{hettler:1998,
  title = {Nonlocal dynamical correlations of strongly interacting electron systems},
  author = {Hettler, M. H. and Tahvildar-Zadeh, A. N. and Jarrell, M. and Pruschke, T. and Krishnamurthy, H. R.},
  journal = {Phys. Rev. B},
  volume = {58},
  issue = {12},
  pages = {R7475--R7479},
  numpages = {0},
  year = {1998},
  month = {Sep},
  publisher = {American Physical Society},
  doi = {10.1103/PhysRevB.58.R7475},
  url = {http://link.aps.org/doi/10.1103/PhysRevB.58.R7475}
}


@article{chubukov:1992,
  title = {Pairing instabilities in the two-dimensional Hubbard model},
  author = {Chubukov, Andrey V. and Lu, Jian Ping},
  journal = {Phys. Rev. B},
  volume = {46},
  issue = {17},
  pages = {11163--11166},
  numpages = {0},
  year = {1992},
  month = {Nov},
  publisher = {American Physical Society},
  doi = {10.1103/PhysRevB.46.11163},
  url = {http://link.aps.org/doi/10.1103/PhysRevB.46.11163}
}


@article{chubukov:1993,
  title = {Kohn-Luttinger effect and the instability of a two-dimensional repulsive Fermi liquid at     \textit{T}  =0},
  author = {Chubukov, Andrey V.},
  journal = {Phys. Rev. B},
  volume = {48},
  issue = {2},
  pages = {1097--1104},
  numpages = {0},
  year = {1993},
  month = {Jul},
  publisher = {American Physical Society},
  doi = {10.1103/PhysRevB.48.1097},
  url = {http://link.aps.org/doi/10.1103/PhysRevB.48.1097}
}


@article{gull:2013,
  title = {Superconductivity and the Pseudogap in the Two-Dimensional Hubbard Model},
  author = {Gull, Emanuel and Parcollet, Olivier and Millis, Andrew J.},
  journal = {Phys. Rev. Lett.},
  volume = {110},
  issue = {21},
  pages = {216405},
  numpages = {5},
  year = {2013},
  month = {May},
  publisher = {American Physical Society},
  doi = {10.1103/PhysRevLett.110.216405},
  url = {http://link.aps.org/doi/10.1103/PhysRevLett.110.216405}
}


@article{gull:2012,
  title = {Energetics of superconductivity in the two-dimensional Hubbard model},
  author = {Gull, E. and Millis, A. J.},
  journal = {Phys. Rev. B},
  volume = {86},
  issue = {24},
  pages = {241106},
  numpages = {5},
  year = {2012},
  month = {Dec},
  publisher = {American Physical Society},
  doi = {10.1103/PhysRevB.86.241106},
  url = {http://link.aps.org/doi/10.1103/PhysRevB.86.241106}
}



@article{Maier00,
        Author = {Maier, Th. and Jarrell, M. and Pruschke, Th. and Keller, J.},
        Date-Added = {2015-03-02 23:13:25 +0000}, 
        Date-Modified = {2015-03-02 23:13:32 +0000}, 
        Doi = {10.1103/PhysRevLett.85.1524},
        Issue = {7},
        Journal = {Phys. Rev. Lett.}, 
        Month = {Aug},
        Numpages = {0},
        Pages = {1524--1527},
        Publisher = {American Physical Society},
        Title = {$\mathit{d}$-Wave Superconductivity in the Hubbard Model}, 
        Url = {http://link.aps.org/doi/10.1103/PhysRevLett.85.1524},
        Volume = {85}, 
        Year = {2000}, 
        Bdsk-Url-1 = {http://link.aps.org/doi/10.1103/PhysRevLett.85.1524},
        Bdsk-Url-2 = {http://dx.doi.org/10.1103/PhysRevLett.85.1524}}
%Hubbard model
@article{Anderson87,
        Author = {Anderson, P. W.}, 
        Date-Modified = {2015-02-02 18:23:57 +0000}, 
        Journal = {Science},
        Number = {4793}, 
        Pages = {1196-1198},
        Title = {The Resonating Valence Bond State in La2CuO4 and Superconductivity},
        Volume = {235},
        Year = {1987}, 
        Bdsk-Url-1 = {http://dx.doi.org/10.1126/science.235.4793.1196}}
        
@article{Lee06,
        Author = {Patrick A. Lee and Naoto Nagaosa and Xiao-Gang Wen},
        Date-Modified = {2015-02-02 18:23:57 +0000},
        Eid = {17},
        Journal = {Reviews of Modern Physics},
        Keywords = {high-temperature superconductors; localised states; electronic structure; phase diagrams; fluctuations in superconductors; superconducting transition temperature; t-J model; d-wave superconductivity; flux-line lattice; quasiparticles},
        Number = {1},
        Numpages = {69},
        Pages = {17/85},
        Publisher = {APS},
        Title = {Doping a Mott insulator: Physics of high-temperature superconductivity},
        Volume = {78},
        Year = {2006},
        Bdsk-Url-1 = {http://link.aps.org/abstract/RMP/v78/p17},
        Bdsk-Url-2 = {http://dx.doi.org/10.1103/RevModPhys.78.17}}
        
%DCA
@article{Maier05,
        Author = {Thomas Maier and Mark Jarrell and Thomas Pruschke and Matthias H. Hettler},
        Date-Modified = {2015-02-02 18:23:57 +0000},
        Eid = {1027},
        Journal = {Rev. Mod. Phys.},
        Keywords = {Hubbard model; lattice theory; ferromagnetism; antiferrimagnetism; superconductivity; reviews; perturbation theory},
        Pages = {1027-1080},
        Publisher = {APS},
        Title = {Quantum cluster theories},
        Volume = {77},
        Year = {2005},
        Bdsk-Url-1 = {http://dx.doi.org/10.1103/RevModPhys.77.1027}}
        
%Two particle vertex function
@article{Rohringer12,
        author = {{Rohringer}, G. and {Valli}, A. and {Toschi}, A.},
        title = {Local electronic correlation at the two-particle level},
        journal = {\prb},
        archivePrefix = "arXiv",
        eprint = {1202.2796},
        primaryClass = "cond-mat.str-el",
        keywords = {Strongly correlated electron systems, heavy fermions, Lattice fermion models},
        year = 2012,
        month = sep,
        volume = 86,
        number = 12,
        eid = {125114},
        pages = {125114},
        doi = {10.1103/PhysRevB.86.125114},
        adsurl = {http://adsabs.harvard.edu/abs/2012PhRvB..86l5114R},
        adsnote = {Provided by the SAO/NASA Astrophysics Data System}
}
%The Blue book, cluster theory for two-particle quantities and the symmetry factor g
@book{Fotso,
        author = {{Fotso}, H. and {Yang}, S. and {Chen}, K. and {Pathak}, S. and {Moreno}, J. and {Jarrell}, M. and {Mikelsons}, K. and {Khatami}, E. and {Galanakis}, D.},
        title = {Dynamical Cluster Approximation},
        publisher = {Springer-Verlag Berlin Heidelberg},
        year = {2012}}
        
        
@article{Khatami15,
  title = {Finite-temperature superconducting correlations of the Hubbard model},
  author = {Khatami, Ehsan and Scalettar, Richard T. and Singh, Rajiv R. P.},
  journal = {Phys. Rev. B},
  volume = {91},
  issue = {24},
  pages = {241107},
  numpages = {5},
  year = {2015},
  month = {Jun},
  publisher = {American Physical Society},
  doi = {10.1103/PhysRevB.91.241107},
  url = {http://link.aps.org/doi/10.1103/PhysRevB.91.241107}
}
 
@ARTICLE{Romer15,
   author = {A. T. R{\o}mer and A. Kreisel and I. Eremin and M. A. Malakhov and T. A. Maier and P. J. Hirschfeld and B. M. Anderson},
    title = "{Pairing symmetry of the one-band Hubbard model in the paramagnetic weak-coupling limit: a numerical RPA study}",
  journal = {ArXiv e-prints},
archivePrefix = "arXiv",
   eprint = {1506.03593},
 primaryClass = "cond-mat.supr-con",
 keywords = {Condensed Matter - Superconductivity},
     year = 2015,
    month = jun,
   adsurl = {http://adsabs.harvard.edu/abs/2015arXiv150603593R},
  adsnote = {Provided by the SAO/NASA Astrophysics Data System}
}




@article{Scalapino12,
  title = {A common thread: The pairing interaction for unconventional superconductors},
  author = {Scalapino, D. J.},
  journal = {Rev. Mod. Phys.},
  volume = {84},
  issue = {4},
  pages = {1383--1417},
  numpages = {0},
  year = {2012},
  month = {Oct},
  publisher = {American Physical Society},
  doi = {10.1103/RevModPhys.84.1383},
  url = {http://link.aps.org/doi/10.1103/RevModPhys.84.1383}
}
@ARTICLE{Zheng15,
   author = {{Zheng}, B.-X. and {Kin-Lic Chan}, G.},
    title = "{Ground-state phase diagram of the square lattice Hubbard model from density matrix embedding theory}",
  journal = {ArXiv e-prints},
archivePrefix = "arXiv",
   eprint = {1504.01784},
 primaryClass = "cond-mat.str-el",
 keywords = {Condensed Matter - Strongly Correlated Electrons, Condensed Matter - Superconductivity},
     year = 2015,
    month = apr,
   adsurl = {http://adsabs.harvard.edu/abs/2015arXiv150401784Z},
  adsnote = {Provided by the SAO/NASA Astrophysics Data System}
}

@article{Dagotto94,
  title = {Correlated electrons in high-temperature superconductors},
  author = {Dagotto, Elbio},
  journal = {Rev. Mod. Phys.},
  volume = {66},
  issue = {3},
  pages = {763--840},
  numpages = {0},
  year = {1994},
  month = {Jul},
  publisher = {American Physical Society},
  doi = {10.1103/RevModPhys.66.763},
  url = {http://link.aps.org/doi/10.1103/RevModPhys.66.763}
}
@article{White89,
  title = {Numerical study of the two-dimensional Hubbard model},
  author = {White, S. R. and Scalapino, D. J. and Sugar, R. L. and Loh, E. Y. and Gubernatis, J. E. and Scalettar, R. T.},
  journal = {Phys. Rev. B},
  volume = {40},
  issue = {1},
  pages = {506--516},
  numpages = {0},
  year = {1989},
  month = {Jul},
  publisher = {American Physical Society},
  doi = {10.1103/PhysRevB.40.506},
  url = {http://link.aps.org/doi/10.1103/PhysRevB.40.506}
}
@article{White89B,
  title = {Attractive and repulsive pairing interaction vertices for the two-dimensional Hubbard model},
  author = {White, S. R. and Scalapino, D. J. and Sugar, R. L. and Bickers, N. E. and Scalettar, R. T.},
  journal = {Phys. Rev. B},
  volume = {39},
  issue = {1},
  pages = {839--842},
  numpages = {0},
  year = {1989},
  month = {Jan},
  publisher = {American Physical Society},
  doi = {10.1103/PhysRevB.39.839},
  url = {http://link.aps.org/doi/10.1103/PhysRevB.39.839}
}
%linear response theory
@article{Gordon,
  title = {Conservation Laws and Correlation Functions},
  author = {Baym, Gordon and Kadanoff, Leo P.},
  journal = {Phys. Rev.},
  volume = {124},
  issue = {2},
  pages = {287--299},
  numpages = {0},
  year = {1961},
  month = {Oct},
  publisher = {American Physical Society},
  doi = {10.1103/PhysRev.124.287},
  url = {http://link.aps.org/doi/10.1103/PhysRev.124.287}
}
@incollection{scalapino:2007,
  author = {Scalapino, D.},
  affiliation = {University of California Department of Physics 93106-9530 Santa Barbara CA USA},
  title = {Numerical Studies of the 2D Hubbard Model},
  booktitle = {Handbook of High-Temperature Superconductivity},
  editor = {Schrieffer, J. and Brooks, James},
  publisher = {Springer New York},
  isbn = {978-0-387-68734-6},
  keyword = {Physics and Astronomy},
  pages = {495-526},
  year = {2007}
}
@article{Lin10,
  volume = {82},
  journal = {Phys. Rev. B},
  month = {Jul},
  numpages = {13},
  author = {Lin, Nan and Gull, Emanuel and Millis, Andrew J.},
  title = {Physics of the pseudogap in eight-site cluster dynamical mean-field theory: Photoemission, Raman scattering, and in-plane and $c$-axis conductivity},
  year = {2010},
  doi = {10.1103/PhysRevB.82.045104},
  issue = {4},
  publisher = {American Physical Society},
  pages = {045104}
}
@Article{Gull09_8site,
  title = {Momentum-sector-selective metal-insulator transition in the eight-site dynamical mean-field approximation to the Hubbard model in two dimensions},
  author = {Gull, Emanuel  and Parcollet, Olivier  and Werner, Philipp  and Millis, Andrew J.},
  journal = {Phys. Rev. B},
  volume = {80},
  number = {24},
  pages = {245102},
  numpages = {13},
  year = {2009},
  month = {Dec},
  doi = {10.1103/PhysRevB.80.245102},
  publisher = {American Physical Society}
}
@article{Werner098site,
author = {Philipp Werner and Emanuel Gull and Olivier Parcollet and Andrew J. Millis},
collaboration = {},
title = {Momentum-selective metal-insulator transition in the two-dimensional Hubbard model: An 8-site dynamical cluster approximation study},
publisher = {APS},
year = {2009},
journal = {Phys. Rev. B},
volume = {80},
number = {4},
eid = {045120},
numpages = {6},
pages = {045120},
keywords = {antiferromagnetism; Brillouin zones; doping profiles; Fermi liquid; Hubbard model; liquid metals; metal-insulator transition; paramagnetism; quasiparticles},
doi = {10.1103/PhysRevB.80.045120}
}
@article{Gull10_clustercompare,
  journal = {Phys. Rev. B},
  numpages = {14},
  month = {Oct},
  doi = {10.1103/PhysRevB.82.155101},
  issue = {15},
  author = {Gull, E. and Ferrero, M. and Parcollet, O. and Georges, A. and Millis, A. J.},
  title = {Momentum-space anisotropy and pseudogaps: A comparative cluster dynamical mean-field analysis of the doping-driven metal-insulator transition in the two-dimensional Hubbard model},
  year = {2010},
  publisher = {American Physical Society},
  pages = {155101},
  volume = {82}
}
@article{Lichtenstein00,
  title = {Antiferromagnetism and     \textbf{    \textit{d}  }  -wave superconductivity in cuprates: A cluster dynamical mean-field theory},
  author = {Lichtenstein, A. I. and Katsnelson, M. I.},
  journal = {Phys. Rev. B},
  volume = {62},
  issue = {14},
  pages = {R9283--R9286},
  numpages = {0},
  year = {2000},
  month = {Oct},
  publisher = {American Physical Society},
  doi = {10.1103/PhysRevB.62.R9283},
  url = {http://link.aps.org/doi/10.1103/PhysRevB.62.R9283}
}
@article{Kotliar01,
  title = {Cellular Dynamical Mean Field Approach to Strongly Correlated Systems},
  author = {Kotliar, Gabriel and Savrasov, Sergej Y. and P\'alsson, Gunnar and Biroli, Giulio},
  journal = {Phys. Rev. Lett.},
  volume = {87},
  issue = {18},
  pages = {186401},
  numpages = {4},
  year = {2001},
  month = {Oct},
  publisher = {American Physical Society},
  doi = {10.1103/PhysRevLett.87.186401},
  url = {http://link.aps.org/doi/10.1103/PhysRevLett.87.186401}
}
@article{Kyung03,
  title = {Antiferromagnetic fluctuations and     \textit{d}  -wave superconductivity in electron-doped high-temperature superconductors},
  author = {Kyung, Bumsoo and Landry, Jean-S\'ebastien and Tremblay, A.-M. S.},
  journal = {Phys. Rev. B},
  volume = {68},
  issue = {17},
  pages = {174502},
  numpages = {5},
  year = {2003},
  month = {Nov},
  publisher = {American Physical Society},
  doi = {10.1103/PhysRevB.68.174502},
  url = {http://link.aps.org/doi/10.1103/PhysRevB.68.174502}
}
@article{Carlos15,
  title = {Cluster-based mean-field and perturbative description of strongly correlated fermion systems: Application to the one- and two-dimensional Hubbard model},
  author = {Jim\'enez-Hoyos, Carlos A. and Scuseria, Gustavo E.},
  journal = {Phys. Rev. B},
  volume = {92},
  issue = {8},
  pages = {085101},
  numpages = {20},
  year = {2015},
  month = {Aug},
  publisher = {American Physical Society},
  doi = {10.1103/PhysRevB.92.085101},
  url = {http://link.aps.org/doi/10.1103/PhysRevB.92.085101}
}

@article{Maier05B,
  title = {Systematic Study of $d$-Wave Superconductivity in the 2D Repulsive Hubbard Model},
  author = {Maier, T. A. and Jarrell, M. and Schulthess, T. C. and Kent, P. R. C. and White, J. B.},
  journal = {Phys. Rev. Lett.},
  volume = {95},
  issue = {23},
  pages = {237001},
  numpages = {4},
  year = {2005},
  month = {Nov},
  publisher = {American Physical Society},
  doi = {10.1103/PhysRevLett.95.237001},
  url = {http://link.aps.org/doi/10.1103/PhysRevLett.95.237001}
}
@article{Pavarini01,
  title = {Band-Structure Trend in Hole-Doped Cuprates and Correlation with ${\mathit{T}}_{\mathit{c}\mathrm{max}}$},
  author = {Pavarini, E. and Dasgupta, I. and Saha-Dasgupta, T. and Jepsen, O. and Andersen, O. K.},
  journal = {Phys. Rev. Lett.},
  volume = {87},
  issue = {4},
  pages = {047003},
  numpages = {4},
  year = {2001},
  month = {Jul},
  publisher = {American Physical Society},
  doi = {10.1103/PhysRevLett.87.047003},
  url = {http://link.aps.org/doi/10.1103/PhysRevLett.87.047003}
}
@article{White99,
  title = {Competition between stripes and pairing in a ${t-t}^{\ensuremath{'}}-J$ model},
  author = {White, Steven R. and Scalapino, D. J.},
  journal = {Phys. Rev. B},
  volume = {60},
  issue = {2},
  pages = {R753--R756},
  numpages = {0},
  year = {1999},
  month = {Jul},
  publisher = {American Physical Society},
  doi = {10.1103/PhysRevB.60.R753},
  url = {http://link.aps.org/doi/10.1103/PhysRevB.60.R753}
}
@article{Martins01,
  title = {Qualitative understanding of the sign of ${t}^{\ensuremath{'}}$ asymmetry in the extended $t-J$ model and relevance for pairing properties},
  author = {Martins, G. B. and Xavier, J. C. and Arrachea, L. and Dagotto, E.},
  journal = {Phys. Rev. B},
  volume = {64},
  issue = {18},
  pages = {180513},
  numpages = {4},
  year = {2001},
  month = {Oct},
  publisher = {American Physical Society},
  doi = {10.1103/PhysRevB.64.180513},
  url = {http://link.aps.org/doi/10.1103/PhysRevB.64.180513}
}
@article{Scalapino10,
  title = {Superconductivity in the repulsive Hubbard model: An asymptotically exact weak-coupling solution},
  author = {Raghu, S. and Kivelson, S. A. and Scalapino, D. J.},
  journal = {Phys. Rev. B},
  volume = {81},
  issue = {22},
  pages = {224505},
  numpages = {17},
  year = {2010},
  month = {Jun},
  publisher = {American Physical Society},
  doi = {10.1103/PhysRevB.81.224505},
  url = {http://link.aps.org/doi/10.1103/PhysRevB.81.224505}
}
@article{Deng14,
  author={Youjin Deng and Evgeny Kozik and Nikolay V. Prokof'ev and Boris V. Svistunov},
  title={Emergent BCS regime of the two-dimensional fermionic Hubbard model: Ground-state phase diagram},
  journal={EPL (Europhysics Letters)},
  volume={110},
  number={5},
  pages={57001},
  url={http://stacks.iop.org/0295-5075/110/i=5/a=57001},
  year={2015}
}
@incollection{Tremblay12,
year={2012},
isbn={978-3-642-21830-9},
booktitle={Strongly Correlated Systems},
volume={171},
series={Springer Series in Solid-State Sciences},
editor={Avella, Adolfo and Mancini, Ferdinando},
doi={10.1007/978-3-642-21831-6_13},
title={Two-Particle-Self-Consistent Approach for the Hubbard Model}, 
url={http://dx.doi.org/10.1007/978-3-642-21831-6_13},
publisher={Springer Berlin Heidelberg},
author={Tremblay, AndrÃ©-MarieS.},
pages={409-453},
language={English}
}


@article{Santos89,
  title = {Enhanced pairing in the repulsive Hubbard model with next-nearest-neighbor hopping},
  author = {dos Santos, Raimundo R.},
  journal = {Phys. Rev. B},
  volume = {39},
  issue = {10},
  pages = {7259--7262},
  numpages = {0},
  year = {1989},
  month = {Apr},
  publisher = {American Physical Society},
  doi = {10.1103/PhysRevB.39.7259},
  url = {http://link.aps.org/doi/10.1103/PhysRevB.39.7259}
}
@article{Tremblay94,
  title = {Comparisons between Monte Carlo simulations and a simple crossing-symmetric approach to the Hubbard model at low density},
  author = {Dar\'e, Anne-Marie and Chen, Liang and Tremblay, A.-M. S.},
  journal = {Phys. Rev. B},
  volume = {49},
  issue = {6},
  pages = {4106--4118},
  numpages = {0},
  year = {1994},
  month = {Feb},
  publisher = {American Physical Society},
  doi = {10.1103/PhysRevB.49.4106},
  url = {http://link.aps.org/doi/10.1103/PhysRevB.49.4106}
}
@article{Scalapino93,
  title = {Comparison of Monte Carlo and diagrammatic calculations for the two-dimensional Hubbard model},
  author = {Bulut, N. and Scalapino, D. J. and White, S. R.},
  journal = {Phys. Rev. B},
  volume = {47},
  issue = {5},
  pages = {2742--2753},
  numpages = {0},
  year = {1993},
  month = {Feb},
  publisher = {American Physical Society},
  doi = {10.1103/PhysRevB.47.2742},
  url = {http://link.aps.org/doi/10.1103/PhysRevB.47.2742}
}

@article{rossi2017determinant,
  title={Determinant Diagrammatic Monte Carlo Algorithm in the Thermodynamic Limit},
  author={Rossi, Riccardo},
  journal={Physical review letters},
  volume={119},
  number={4},
  pages={045701},
  year={2017},
  publisher={APS}
}

@article{simkovic2017determinant,
  title={Determinant Monte Carlo for irreducible Feynman diagrams},
  author={\v{S}imkovic, Fedor and Kozik, Evgeny},
  journal={arXiv preprint arXiv:1712.10001},
  year={2017}
}

@article{burovski2006critical,
  title={Critical temperature and thermodynamics of attractive fermions at unitarity},
  author={Burovski, Evgeni and Prokofâ€™ev, Nikolay and Svistunov, Boris and Troyer, Matthias},
  journal={Physical review letters},
  volume={96},
  number={16},
  pages={160402},
  year={2006},
  publisher={APS}
}

@article{burovski2006fermi,
  title={The Fermi--Hubbard model at unitarity},
  author={Burovski, Evgeni and Prokof'ev, Nikolay and Svistunov, Boris and Troyer, Matthias},
  journal={New Journal of Physics},
  volume={8},
  number={8},
  pages={153},
  year={2006},
  publisher={IOP Publishing}
}

@article{kozik2015nonexistence,
  title={Nonexistence of the luttinger-ward functional and misleading convergence of skeleton diagrammatic series for hubbard-like models},
  author={Kozik, Evgeny and Ferrero, Michel and Georges, Antoine},
  journal={Physical review letters},
  volume={114},
  number={15},
  pages={156402},
  year={2015},
  publisher={APS}
}

@article{moutenet2018determinant,
  title={Determinant Monte Carlo algorithms for dynamical quantities in fermionic systems},
  author={Moutenet, Alice and Wu, Wei and Ferrero, Michel},
  journal={Physical Review B},
  volume={97},
  number={8},
  pages={085117},
  year={2018},
  publisher={APS}
}

@article{rubtsov2005continuous,
  title={Continuous-time quantum Monte Carlo method for fermions},
  author={Rubtsov, Alexey N and Savkin, Vladimir V and Lichtenstein, Alexander I},
  journal={Physical Review B},
  volume={72},
  number={3},
  pages={035122},
  year={2005},
  publisher={APS}
}

@article{Gull08_plaquette,
  author={E. Gull and P. Werner and X. Wang and M. Troyer and A. J. Millis},
  title={Local order and the gapped phase of the Hubbard model: A plaquette dynamical mean-field investigation},
  journal={EPL (Europhysics Letters)},
  volume={84},
  number={3},
  pages={37009},
  url={http://stacks.iop.org/0295-5075/84/i=3/a=37009},
  year={2008},
}
@article{Sordi12,
  title = {Strong Coupling Superconductivity, Pseudogap, and Mott Transition},
  author = {Sordi, G. and S\'emon, P. and Haule, K. and Tremblay, A.-M. S.},
  journal = {Phys. Rev. Lett.},
  volume = {108},
  issue = {21},
  pages = {216401},
  numpages = {6},
  year = {2012},
  month = {May},
  publisher = {American Physical Society},
  doi = {10.1103/PhysRevLett.108.216401},
  url = {http://link.aps.org/doi/10.1103/PhysRevLett.108.216401}
}
@article{Misawa14,
  title = {Origin of high-${T}_{c}$ superconductivity in doped Hubbard models and their extensions: Roles of uniform charge fluctuations},
  author = {Misawa, Takahiro and Imada, Masatoshi},
  journal = {Phys. Rev. B},
  volume = {90},
  issue = {11},
  pages = {115137},
  numpages = {16},
  year = {2014},
  month = {Sep},
  publisher = {American Physical Society},
  doi = {10.1103/PhysRevB.90.115137},
  url = {http://link.aps.org/doi/10.1103/PhysRevB.90.115137}
}

@article{ALPSCore,
author       = {Alexander Gaenko and
                  Emanuel Gull and
                  Andrey E. Antipov and
                  Lukas Gamper and
                  Gabriele Carcassi and
                  Joe Paki and
                  Ryan Levy and
                  Michele Dolfi and
                  Jonas Greitemann and
                  J. P. F. LeBlanc},
  title        = {ALPSCore: Version 0.5.4},
  month        = apr,
  year         = 2016,
  doi          = {10.5281/zenodo.50203},
}

@article{ALPS20,
  author={B Bauer and L D Carr and H G Evertz and A Feiguin and J Freire and S Fuchs and L Gamper and J Gukelberger and E Gull and S Guertler and A
Hehn and R Igarashi and S V Isakov and D Koop and P N Ma and P Mates and H Matsuo and O Parcollet and G Pawâ‰ˆÃ‡owski and J D Picon and L
Pollet and E Santos and V W Scarola and U Schollwâˆšâˆ‚ck and C Silva and B Surer and S Todo and S Trebst and M Troyer and M L Wall and P
Werner and S Wessel},
  title={The ALPS project release 2.0: open source software for strongly correlated systems},
  journal={Journal of Statistical Mechanics: Theory and Experiment},
  volume={2011},
  number={05},
  pages={P05001},
  url={http://stacks.iop.org/1742-5468/2011/i=05/a=P05001},
  year={2011},
}
@article{Arita00,
author = { Ryotaro Arita and  Kazuhiko Kuroki and  Hideo Aoki},
title = {d- and p-Wave Superconductivity Mediated by Spin Fluctuations in Two- and Three-Dimensional Single-Band Repulsive Hubbard Model},
journal = {Journal of the Physical Society of Japan},
volume = {69},
number = {4},
pages = {1181-1191},
year = {2000},
doi = {10.1143/JPSJ.69.1181},

URL = { 
        http://dx.doi.org/10.1143/JPSJ.69.1181
    
},
eprint = { 
        http://dx.doi.org/10.1143/JPSJ.69.1181
    
}

}
@article{Staar13,
  title = {Dynamical cluster approximation with continuous lattice self-energy},
  author = {Staar, Peter and Maier, Thomas and Schulthess, Thomas C.},
  journal = {Phys. Rev. B},
  volume = {88},
  issue = {11},
  pages = {115101},
  numpages = {16},
  year = {2013},
  month = {Sep},
  publisher = {American Physical Society},
  doi = {10.1103/PhysRevB.88.115101},
  url = {http://link.aps.org/doi/10.1103/PhysRevB.88.115101}
}
@misc{Supplemental,
  title={See Supplemental Material [url], which includes Refs.~\cite{Rohringer12,Fotso,Khatami15,Gull08_plaquette,Gull10_clustercompare,Maier05B,Deng14}}
}	
